%% Escola Politécnica da USCS 

%% This BibTeX bibliography file was created using BibDesk.
%% http://bibdesk.sourceforge.net/
%% Exemplo de arquivo .bib a ser utilizado para gerar a Biliografia

%% Quando for no Google Scholar, clique em bibtex na citação e copie o código pra colar aqui
\citeoption{abnt-options0}
\citeoption{abnt-etal-cite=3}

@article{de2003dificeis,
  title={\textbf{Dif{\'\i}ceis e poss{\'\i}veis rela{\c{c}}{\~o}es entre m{\'e}todos quantitativos e qualitativos nos estudos de problemas de sa{\'u}de}},
  author={de Souza Minayo, Maria Cec{\'\i}lia and Minayo-G{\'o}mez, Carlos},
  journal={O Cl{\'a}ssico e o Novo},
  pages={117},
  year={2003}
}

@article{infomoney,
  title={\textbf{\textit{Open Banking}: o que é e como funciona?}},
  author={Infomoney},
  year={2022}

}

@MISC{teste,
author = {USCS},
title = {\textbf{livros, documentos, arquivos, sites, publicações na internet, etc, devem constar nas referências bibliográficas. Para formatação, consultar o Manual de Normas de Produções Acadêmicas disponível no site da USCS ou na pasta de manuais dentro do seu template.}},
month = Jan,
year = {2021},
}

@article{guimaraes2021concorrencia,
  title={\textbf{Concorr{\^e}ncia banc{\'a}ria e o \textit{Open Banking} no Brasil}},
  author={Guimar{\~a}es, Olavo},
  journal={Revista de Defesa da Concorr{\^e}ncia},
  volume={9},
  number={1},
  pages={125--147},
  year={2021}
}

@incollection{baptista2015metodologias,
  title={\textbf{Metodologias de pesquisa em ci{\^e}ncias: an{\'a}lises quantitativa e qualitativa}},
  author={Baptista, Makilim Nunes and Campos, Dinael Corr{\^e}a de},
  booktitle={Metodologias de Pesquisa em Ci{\^e}ncias: an{\'a}lises Quantitativa e Qualitativa},
  pages={299--299},
  year={2015}
}

@article{ferreira2017importancia,
  title={\textbf{A import{\^a}ncia da educa{\c{c}}{\~a}o financeira pessoal para a qualidade de vida}},
  author={Ferreira, Juliana Cezario},
  journal={Caderno de Administra{\c{c}}{\~a}o},
  volume={11},
  number={1},
  year={2017}
}

@article{gnoatto2022open,
  title={\textbf{\textit{OPEN BANKING}, PRIVACIDADE E PROTE{\c{C}}{\~A}O DE DADOS: UMA AN{\'A}LISE {\`A} LUZ DA LGPD}},
  author={Gnoatto, Juliana Carolina and Garbin, Murilo Henrique},
  journal={Revista Di{\'a}logos: Economia e Sociedade (ISSN: 2594-4320)},
  volume={6},
  number={2},
  year={2022}
}

@article{cavalcante2021novo,
  title={\textbf{O Novo paradigma tecnol{\'o}gico do setor financeiro nacional: a implanta{\c{c}}{\~a}o do open banking no Brasil}},
  author={Cavalcante, Eric Jardim},
  year={2021},
  publisher={Instituto de Pesquisa Econ{\^o}mica Aplicada (Ipea)}
}

@article{sommerville2007sommerville,
  title={\textbf{Sommerville: \textit{Software Engineering}}},
  author={Sommerville, Ian},
  year={2007}
}

@book{elmasri2000fundamentals,
  title={\textbf{\textit{Fundamentals of Database Systems}}},
  author={Elmasri, R and Navathe, Shamkant B and Elmasri, R and Navathe, SB},
  year={2000},
  publisher={Springer}
}

@book{teorey2011database,
  title={\textbf{\textit{Database Modeling and Design: Logical Design}}},
  author={Teorey, Toby J and Lightstone, Sam S and Nadeau, Tom and Jagadish, HV},
  year={2011},
  publisher={Elsevier}
}

@article{fortunato2021open,
  title={\textbf{\textit{Open Banking}: Uma an{\'a}lise do modelo brasileiro, {\`a} luz da Lei Geral de Prote{\c{c}}{\~a}o de Dados}},
  author={Fortunato, Viviane Prisila},
  year={2021},
  publisher={IDP/EAB}
}

@book{silberschatz2011database,
  title={\textbf{\textit{{Database System Concepts}}}},
  author={Silberschatz, Abraham and Korth, Henry F and Sudarshan, Shashank},
  year={2011},
  publisher={McGraw-Hill Education}
}

@book{garcia2008database,
  title={\textbf{\textit{Database Systems: The Complete Book}}},
  author={Garcia-Molina, Hector},
  year={2008},
  publisher={Pearson Education India}
}

@book{latex04,
  title={\textbf{Guide to LATEX}},
  author={Kopka, Helmut and Daly, Patrick W and Rahtz, SPQ},
  volume={4},
  year={2004},
  publisher={Addison-Wesley Boston, MA}
}

@article{cherobim2010financcas,
  title={\textbf{Finan{\c{c}}as pessoais: conhecer para enriquecer}},
  author={Cherobim, APMS and Espejo, MM dos SB},
  journal={S{\~a}o Paulo: Atlas},
  year={2010}
}

@article{leitao,
    author = {LeitÃo, Victor},
    title = {\textbf{Gestão Financeira Pessoal: O que é e como a tecnologia pode ser sua aliada nesse processo}},
    journal = {iDinheiro},
    year = {2021}
}